@BOOK{woehe,
	AUTHOR = {Wöhe},
	YEAR = {2010},
	TITLE = {Einführung in die Allgemeine Betriebswirtschaftslehre},
	EDITION = {24. Auflage},
	ISBN = {978-3-8006-3795-9},
	PUBLISHER = {Verlag Franz Vahlen},
	ADDRESS = {München}
}

@BOOK{schmalenbach,
	AUTHOR = {Schmalenbach},
	YEAR = {1963},
	TITLE = {Kostenrechnung und Preispolitik},
	EDITION = {8. Auflage},
	ISBN = {1-234-5667},
	PUBLISHER = {Westdeutscher Verlag},
	ADDRESS = {Köln/Opladen}
}

@MISC{Hauer:singleton,
	author = {Hauer},
	title = {{Das Singleton Design Pattern, Abruf am 11.10.2013}},
	year = {2010},
    howpublished={\url{http://www.philipphauer.de/study/se/design-pattern/singleton.php#nachteile}}
}

@MISC{friedl:sqlinjection,
	author = {Friedl},
	title = {{SQL Injection Attacks by Example, Abruf am 25.10.2013}},
	year = {2007},
    howpublished={\url{http://www.unixwiz.net/techtips/sql-injection.html}}
}

@MISC{vodafone,
	author = {Fuest},
	title = {{Fall Vodafone zeigt die wahren Sicherheitslücken, Abruf am 25.10.2013}},
	year = {2013},
	howpublished={\url{http://www.welt.de/wirtschaft/webwelt/article119967954/Fall-Vodafone-zeigt-die-wahren-Sicherheitsluecken.html}}
}

@MISC{mysql:md5,
	author = {Oracle},
	title = {{MySQL 5.5 Manual: Encryption and Compression Functions, Abruf am 25.10.2013}},
	year = {2013},
	howpublished={\url{https://dev.mysql.com/doc/refman/5.5/en/encryption-functions.html#function_md5}}
}

@MISC{php:md5,
	author = {{Olson (Hrsg.)}},
	title = {{PHP Manual: Safe Password Hashing, Abruf am 25.10.2013}},
	year = {2013},
	howpublished={\url{http://www.php.net/manual/de/faq.passwords.php#faq.passwords.fasthash}}
}




